<collection xmlns="http://www.loc.gov/MARC21/slim">
<record>
  <leader>02458nam a2200481la 4500</leader>
  <controlfield tag="001">SBXL002479964</controlfield>
  <controlfield tag="005">20030907231325.0</controlfield>
  <controlfield tag="008">030404t20032003ilua     bc   001 0 eng c</controlfield>
  <datafield tag="010" ind1=" " ind2=" ">
    <subfield code="a">2002108371</subfield>
  </datafield>
  <datafield tag="020" ind1=" " ind2=" ">
    <subfield code="a">189102454X</subfield>
  </datafield>
  <datafield tag="035" ind1=" " ind2=" ">
    <subfield code="a">(Sirsi) i9781891024542</subfield>
  </datafield>
  <datafield tag="035" ind1=" " ind2=" ">
    <subfield code="a">(OCoLC)51979628</subfield>
  </datafield>
  <datafield tag="040" ind1=" " ind2=" ">
    <subfield code="a">SMI</subfield>
    <subfield code="b">eng</subfield>
    <subfield code="c">SMI</subfield>
    <subfield code="d">CU-SB</subfield>
    <subfield code="d">OrLoB-B</subfield>
  </datafield>
  <datafield tag="042" ind1=" " ind2=" ">
    <subfield code="a">pcc</subfield>
  </datafield>
  <datafield tag="049" ind1=" " ind2=" ">
    <subfield code="x">jv</subfield>
  </datafield>
  <datafield tag="050" ind1=" " ind2="4">
    <subfield code="a">TR659</subfield>
    <subfield code="b">.S84 2003</subfield>
  </datafield>
  <datafield tag="100" ind1="1" ind2=" ">
    <subfield code="a">Sugimoto, Hiroshi,</subfield>
    <subfield code="d">1948-</subfield>
    <subfield code="0">http://id.loc.gov/authorities/names/nr89004785</subfield>
  </datafield>
  <datafield tag="245" ind1="1" ind2="0">
    <subfield code="a">Sugimoto :</subfield>
    <subfield code="b">architecture /</subfield>
    <subfield code="c">exhibition curator, Francesco Bonami ; essays, Francesco Bonami, Marco De Michelis, John Yau.</subfield>
  </datafield>
  <datafield tag="246" ind1="3" ind2="0">
    <subfield code="a">Architecture</subfield>
  </datafield>
  <datafield tag="264" ind1=" " ind2="1">
    <subfield code="a">Chicago :</subfield>
    <subfield code="b">Museum of Contemporary Art ;</subfield>
    <subfield code="a">New York :</subfield>
    <subfield code="b">D.A.P, Distributed Art Publishers,</subfield>
    <subfield code="c">[2003]</subfield>
  </datafield>
  <datafield tag="264" ind1=" " ind2="4">
    <subfield code="c">©2003</subfield>
  </datafield>
  <datafield tag="300" ind1=" " ind2=" ">
    <subfield code="a">166 pages :</subfield>
    <subfield code="b">chiefly illustrations ;</subfield>
    <subfield code="c">31 cm</subfield>
  </datafield>
  <datafield tag="336" ind1=" " ind2=" ">
    <subfield code="a">text</subfield>
    <subfield code="b">txt</subfield>
    <subfield code="2">rdacontent</subfield>
  </datafield>
  <datafield tag="337" ind1=" " ind2=" ">
    <subfield code="a">unmediated</subfield>
    <subfield code="b">n</subfield>
    <subfield code="2">rdamedia</subfield>
  </datafield>
  <datafield tag="338" ind1=" " ind2=" ">
    <subfield code="a">volume</subfield>
    <subfield code="b">nc</subfield>
    <subfield code="2">rdacarrier</subfield>
  </datafield>
  <datafield tag="500" ind1=" " ind2=" ">
    <subfield code="a">Catalog of an exhibition held at Museum of Contemporary Art, Chicago, Feb. 22-June 1, 2003, and Alyce de Roulet Williamson Gallery, Art Center College of Design, Pasadena.</subfield>
  </datafield>
  <datafield tag="504" ind1=" " ind2=" ">
    <subfield code="a">Includes bibliographical references (pages 160-163) and index.</subfield>
  </datafield>
  <datafield tag="505" ind1="0" ind2="0">
    <subfield code="t">Foreword /</subfield>
    <subfield code="r">Robert Fitzpatrick -- </subfield>
    <subfield code="t">My Dear Sugimoto /</subfield>
    <subfield code="r">Francesco Bonami -- </subfield>
    <subfield code="t">The Veiled Glance of the Memory /</subfield>
    <subfield code="r">Marco De Michelis -- </subfield>
    <subfield code="t">The Dissolving World /</subfield>
    <subfield code="r">John Yau.</subfield>
  </datafield>
  <datafield tag="596" ind1=" " ind2=" ">
    <subfield code="a">1</subfield>
  </datafield>
  <datafield tag="600" ind1="1" ind2="0">
    <subfield code="a">Sugimoto, Hiroshi,</subfield>
    <subfield code="d">1948-</subfield>
    <subfield code="v">Exhibitions.</subfield>
  </datafield>
  <datafield tag="650" ind1=" " ind2="0">
    <subfield code="a">Architectural photography</subfield>
    <subfield code="v">Exhibitions.</subfield>
    <subfield code="0">http://id.loc.gov/authorities/subjects/sh2007101287</subfield>
  </datafield>
  <datafield tag="650" ind1=" " ind2="0">
    <subfield code="a">Photography, Artistic</subfield>
    <subfield code="v">Exhibitions.</subfield>
    <subfield code="0">http://id.loc.gov/authorities/subjects/sh2008108790</subfield>
  </datafield>
  <datafield tag="655" ind1=" " ind2="7">
    <subfield code="a">Exhibition catalogs.</subfield>
    <subfield code="2">lcgft</subfield>
  </datafield>
  <datafield tag="690" ind1=" " ind2="4">
    <subfield code="a">Photography, Japanese</subfield>
    <subfield code="y">20th-21st century.</subfield>
  </datafield>
  <datafield tag="690" ind1=" " ind2="4">
    <subfield code="a">Photography, Japanese</subfield>
    <subfield code="y">20th-21st century.</subfield>
  </datafield>
  <datafield tag="700" ind1="1" ind2=" ">
    <subfield code="a">Bonami, Francesco.</subfield>
    <subfield code="0">http://id.loc.gov/authorities/names/n94093653</subfield>
  </datafield>
  <datafield tag="700" ind1="1" ind2=" ">
    <subfield code="a">De Michelis, Marco,</subfield>
    <subfield code="d">1945-</subfield>
    <subfield code="0">http://id.loc.gov/authorities/names/n85252612</subfield>
  </datafield>
  <datafield tag="700" ind1="1" ind2=" ">
    <subfield code="a">Yau, John,</subfield>
    <subfield code="d">1950-</subfield>
    <subfield code="0">http://id.loc.gov/authorities/names/n80031848</subfield>
  </datafield>
  <datafield tag="710" ind1="2" ind2=" ">
    <subfield code="a">Museum of Contemporary Art (Chicago, Ill.)</subfield>
    <subfield code="0">http://id.loc.gov/authorities/names/n80061224</subfield>
  </datafield>
  <datafield tag="710" ind1="2" ind2=" ">
    <subfield code="a">Art Center College of Design (Pasadena, Calif.)</subfield>
    <subfield code="0">http://id.loc.gov/authorities/names/n83061051</subfield>
  </datafield>
  <datafield tag="918" ind1=" " ind2=" ">
    <subfield code="a">1665859</subfield>
  </datafield>
  <datafield tag="917" ind1=" " ind2=" ">
    <subfield code="a">u1665859</subfield>
  </datafield>
  <datafield tag="999" ind1=" " ind2=" ">
    <subfield code="a">TR659 .S84 2003</subfield>
    <subfield code="w">LC</subfield>
    <subfield code="c">1</subfield>
    <subfield code="i">S02093338S</subfield>
    <subfield code="l">OVERSIZE</subfield>
    <subfield code="m">DHHILL</subfield>
    <subfield code="r">Y</subfield>
    <subfield code="s">Y</subfield>
    <subfield code="t">BOOK</subfield>
    <subfield code="u">12/10/2003</subfield>
  </datafield>
</record>
</collection>
